@ARTICLE{Pei14,
    author = {{Pei}, J.~C. and {Fann}, G.~I. and {Harrison}, R.~J. and {Nazarewicz}, W. and {Shi}, Y. and {Thornton}, S.},
    title = "{Adaptive multi-resolution 3D Hartree-Fock-Bogoliubov solver for nuclear structure}",
    journal = {Phys. Rev. C},
    year = 2014,
    month = aug,
    volume = 90,
    number = 2,
    pages = {024317}
}



@article{Harrison05,
   author={Robert J Harrison and George I Fann and Zhengting Gan and Takeshi Yanai and Shinichiro Sugiki and Ariana Beste and Gregory Beylkin},
   title={Multiresolution computational chemistry},
   journal={Journal of Physics: Conference Series},
   volume={16},
   number={1},
   pages={243},
   year={2005}
}
	
	
	
@article{Fann09,
   author={G I Fann and J Pei and R J Harrison and J Jia and J Hill and M Ou and W Nazarewicz and W A Shelton and N Schunck},
   title={Fast multiresolution methods for density functional theory in nuclear physics},
   journal={Journal of Physics: Conference Series},
   volume={180},
   number={1},
   pages={012080},
   year={2009}
}



@article{Harrison04,
   author = "Harrison, Robert J. and Fann, George I. and Yanai, Takeshi and Gan, Zhengting and Beylkin, Gregory",
   title = "Multiresolution quantum chemistry: Basic theory and initial applications",
   journal = "The Journal of Chemical Physics",
   year = "2004",
   volume = "121",
   number = "23", 
   pages = "11587-11598"
}




@ARTICLE{Pei12,
    author = {{Pei}, J.~C. and {Fann}, G.~I. and {Harrison}, R.~J. and {Nazarewicz}, W. and {Hill}, J. and {Galindo}, D. and {Jia}, J.},
    title = "{Coordinate-Space Hartree-Fock-Bogoliubov Solvers for Super fluid Fermi Systems in Large Boxes}",
    journal = {Journal of Physics Conference Series},
    year = 2012,
    month = dec,
    volume = 402,
    number = 1,
    eid = {012035},
    pages = {012035}
}
		
		
		
@article{Chamel08,
   title    = {Physics of Neutron Star Crusts},
   author   = {Nicolas Chamel and Pawe? Haensel},
   journal  = {Living Reviews in Relativity},
   year     = {2008},
   number   = {10},
   volume   = {11},
   doi      = {10.12942/lrr-2008-10}
}		
		
		
		
@article{Mohammed84,
  title = {Density-functional-theory gradient expansion approximation for the screened-Coulomb exchange energy},
  author = {Mohammed, Abdel-Raouf E. and Sahni, V.},
  journal = {Phys. Rev. B},
  volume = {29},
  issue = {6},
  pages = {3687--3690},
  numpages = {0},
  year = {1984},
  month = {Mar},
  publisher = {American Physical Society}
}
		
		
		
@article{Robinson62,
  title = {Screening Correction to the Slater Exchange Potential},
  author = {Robinson, J. E. and Bassani, F. and Knox, R. S. and Schrieffer, J. R.},
  journal = {Phys. Rev. Lett.},
  volume = {9},
  issue = {5},
  pages = {215--217},
  numpages = {0},
  year = {1962},
  month = {Sep},
  publisher = {American Physical Society}
}

		
		
@article{Yanai04,
   author = "Yanai, Takeshi and Fann, George I. and Gan, Zhengting and Harrison, Robert J. and Beylkin, Gregory",
   title = "Multiresolution quantum chemistry in multiwavelet bases: Analytic derivatives for Hartree–Fock and density functional theory",
   journal = "The Journal of Chemical Physics",
   year = "2004",
   volume = "121",
   number = "7", 
   pages = "2866-2876"
}		
		
	
	
@article{Alpert02,
  author = {Alpert, B. and Beylkin, G. and Gines, D. and Vozovoi, L.},
  title = {Adaptive Solution of Partial Differential Equations in Multiwavelet Bases},
  journal = {J. Comput. Phys.},
  issue_date = {October 10, 2002},
  volume = {182},
  number = {1},
  month = oct,
  year = {2002},
  issn = {0021-9991},
  pages = {149--190}
} 	
		
		

@article{Fann10,
  author = {Fann, G. I. and Harrison, R. J. and Jia, J. and Hill, J. and Galindo, D.},
  title = {Multiple multiresolution representation of functions and calculus for fast computation},
  journal = {Proceedings from SciDAC},
  year = {2010}
} 		
		
		
		